@online{site:ibm,
    title   = {IBM cloud education},
    url     = {https://www.ibm.com/cloud/learn/rest-apis}
}

@online{site:wiki,
    title   = {Wikipedia},
    url     = {https://www.wikipedia.org/}
}

@online{site:daodto,
    title   = {Articolo sul pattern DAO/DTO},
    url     = {https://dzone.com/articles/database-interaction-dao-and}
}

@online{site:mongochangestreams,
    title   = {Manuale sull'utilizzo dei change streams},
    url     = {https://www.mongodb.com/docs/manual/changeStreams/}
}

@online{site:mongoarticleadvantages,
    title   = {Articolo sui vantaggi di NoSQL},
    url     = {https://www.mongodb.com/nosql-explained/advantages/}
}

@online{site:mongoarticlenosql,
    title   = {Articolo sui database NoSQL},
    url     = {https://www.mongodb.com/nosql-explained/}
}

@online{site:mongoarticletypes,
    title   = {Articolo sui tipi di database NoSQL},
    url     = {https://www.mongodb.com/scale/types-of-nosql-databases/}
}

@online{site:udemyredis,
    title   = {Corso di Udemy su Redis},
    url     = {https://www.udemy.com/course/redis-cloud/}
}

@online{site:udemycassandra,
    title   = {Corso di Udemy su Cassandra},
    url     = {https://www.udemy.com/course/learn-cassandra-from-scratch/}
}

@online{site:udemycouchdb,
    title   = {Corso di Udemy su CouchDB},
    url     = {https://www.udemy.com/course/understanding-couchdb/}
}

@online{site:udemymongodb,
    title   = {Corso di Udemy su MongoDB},
    url     = {https://www.udemy.com/course/mongodb-the-complete-developers-guide/}
}

@online{site:udemyneo4j,
    title   = {Corso di Udemy su Neo4j},
    url     = {https://www.udemy.com/course/neo4j_beginners1/}
}

@online{site:udemyelasticsearch,
    title   = {Corso di Udemy su Elasticsearch},
    url     = {https://www.udemy.com/course/elasticsearch-7-and-elastic-stack/}
}

@online{site:captheorem,
    title   = {Articolo sul CAP Theorem},
    url     = {https://www.ibm.com/cloud/learn/cap-theorem}
}


@online{site:legalarchive,
    title   = {Sito di presentazione di Legal Archive},
    url     = {https://ifin.it/conservazione-documenti/digitale-a-norma/legal-archive/}
}

@online{site:invoicechannel,
    title   = {Sito di presentazione di Invoice Channel},
    url     = {https://ifin.it/conservazione-documenti/invoice-channel/}
}


@online{site:mongoDataModeling,
    title   = {Corso di Data Modeling, MongoDB University},
    url     = {https://university.mongodb.com/courses/M320/about}
}

@online{site:mongodbcompass,
    title   = {Documentazione MongoDB Compass},
    url     = {https://www.mongodb.com/docs/compass/current/}
}

@online{site:mongodb,
    title   = {Documentazione MongoDB},
    url     = {https://www.mongodb.com/docs/}
}

@online{site:pgAdmin,
    title   = {Documentazione pgAdmin},
    url     = {https://www.pgadmin.org/docs/}
}

@online{site:postgresdocs,
    title   = {Documentazione PostgreSQL},
    url     = {https://www.postgresql.org/docs/}
}

@online{site:postgres,
    title   = {PostgreSQL},
    url     = {https://www.postgresql.org/}
}

@online{site:dockerdocs,
    title   = {Documentazione Docker},
    url     = {https://docs.docker.com/}
}

@online{site:docker,
    title   = {Docker},
    url     = {https://www.docker.com/}
}

@online{site:fireshipdocker,
    title   = {Corso di Fireship su Docker},
    url     = {https://fireship.io/lessons/docker-basics-tutorial-nodejs/}
}

@online{site:datamaker,
    title   = {Documentazione datamaker},
    url     = {https://www.npmjs.com/package/datamaker/v/0.1.5?activeTab=readme/}
}

@online{site:xml-js,
    title   = {Documentazione xml-js},
    url     = {https://www.npmjs.com/package/xml-js/}
}

@online{site:ongres,
    title   = {Conferenza OnGres sul confronto tra PostgreSQL e MongoDB},
    url     = {https://www.youtube.com/watch?v=-AIjKrWi0x0&t=1767s}
}